@article{zwarts1990balans,
	title={Balans van het taalonderwijs aan het einde van de basisschool},
	author={Zwarts, M and Rijlaarsdam, GCW and Janssens, F and Wolfhagen, I and Veldhuijzen, N and Wesdorp, H},
	journal={Uitkomsten van de eerste taalpeiling einde basisonderwijs},
	year={1990}
}
@article{bouwer2015effect,
	title={Effect of genre on the generalizability of writing scores},
	author={Bouwer, Renske and B{\'e}guin, Anton and Sanders, Ted and Van den Bergh, Huub},
	journal={Language Testing},
	volume={32},
	number={1},
	pages={83--100},
	year={2015},
	publisher={Sage Publications Sage UK: London, England}
}

@article{graham2014conducting,
	title={Conducting high quality writing intervention research: Twelve recommendations},
	author={Graham, Steve E and Harris, Karen R},
	year={2014},
	publisher={University of Antwerp}
}
@article{rijlaarsdam2011application,
	title={Application of Educational Psychology to Learning and Teaching. APA Handbook Volume 3},
	author={Rijlaarsdam, Gert and Van den Bergh, Huub and Couzijn, Michel and Janssen, Tanja and Braaksma, Martine and Tillema, Marion and Graham, S and Bus, A and Major, S and Swanson, L},
	year={2011},
	publisher={APA}
}

@article{blok1986essay,
	title={Essay rating by the comparison method},
	author={Blok, H},
	journal={Tijdschrift voor onderwijsresearch},
	volume={11},
	number={4},
	pages={169--176},
	year={1986}
}

@article{de2016student,
	title={Student, teacher and class-level correlates of Flemish late elementary school children’s writing performance},
	author={De Smedt, Fien and Van Keer, Hilde and Merchie, Emmelien},
	journal={Reading and writing},
	volume={29},
	number={5},
	pages={833--868},
	year={2016},
	publisher={Springer}
}

@article{rietdijk2017improving,
	title={Improving writing in primary schools through a comprehensive writing program},
	author={Rietdijk, Saskia and Janssen, Tanja and van Weijen, Daphne and van den Bergh, Huub and Rijlaarsdam, Gert},
	journal={The Journal of Writing Research},
	volume={9},
	number={2},
	pages={173--225},
	year={2017},
	publisher={Universiteit Antwerpen}
}

@article{bouwer2017tekster,
	title={Leren schrijven met Tekster: een wetenschappelijk beproefde lesmethode voor het basisonderwijs},
	author={Bouwer, R and Koster, K and {v}an {d}en Bergh, H},
	journal={Pedagogische studi{\"e}n},
	volume={94},
	number={4},
	pages={304--329},
	year={2017}
}

@article{vandenbergh1989method,
	title={A method of estimating rater reliability},
	author={Van den Bergh, Huub and Eiting, Mindert H},
	journal={Journal of Educational Measurement},
	volume={26},
	number={1},
	pages={29--40},
	year={1989},
	publisher={Wiley Online Library}
}

@ARTICLE{VandekerckhoveEtAl2018SI,
	editor =       {Vandekerckhove, J. and Rouder, J. N. and Kruschke, J. K.},
	TITLE =        {Editorial: {B}ayesian Methods for Advancing Psychological Science},
	JOURNAL =      {Psychonomic Bulletin \& Review},
	YEAR =         {2018},
	volume =       {25},
	pages =        {1--4},
}

@Manual{R,
	title        = {R: A Language and Environment for Statistical Computing},
	author       = {{R Core Team}},
	organization = {R Foundation for Statistical Computing},
	address      = {Vienna, Austria},
	year         = {2019},
	url          = {https://www.R-project.org/},
}

@article{burkner2017brms,
	title = {{brms}: An {R} Package for {Bayesian} Multilevel Models Using {Stan}},
	author = {Paul-Christian Bürkner},
	journal = {Journal of Statistical Software},
	year = {2017},
	volume = {80},
	number = {1},
	pages = {1--28},
	doi = {10.18637/jss.v080.i01},
	encoding = {UTF-8},
}

@article{carpenter2017stan,
	title={Stan: A probabilistic programming language},
	author={Carpenter, Bob and Gelman, Andrew and Hoffman, Matthew D and Lee, Daniel and Goodrich, Ben and Betancourt, Michael and Brubaker, Marcus and Guo, Jiqiang and Li, Peter and Riddell, Allen},
	journal={Journal of statistical software},
	volume={76},
	number={1},
	year={2017},
	publisher={Columbia Univ., New York, NY (United States); Harvard Univ., Cambridge, MA~…}
}

@article{delignette2015fitdistrplus,
	title = {{fitdistrplus}: An {R} Package for Fitting Distributions},
	author = {Marie Laure Delignette-Muller and Christophe Dutang},
	journal = {Journal of Statistical Software},
	year = {2015},
	volume = {64},
	number = {4},
	pages = {1--34},
	url = {http://www.jstatsoft.org/v64/i04/},
}

@book{lindley1972bayesian,
	title={{B}ayesian statistics, a review},
	author={Lindley, Dennis Victor},
	volume={2},
	year={1972},
	publisher={SIAM}
}

@Manual{rcitation2018,
	title = {R: A Language and Environment for Statistical Computing},
	author = {{R Core Team}},
	organization = {R Foundation for Statistical Computing},
	address = {Vienna, Austria},
	year = {2018},
	url = {https://www.R-project.org/},
}

@Misc{rstan2018,
	title = {{RStan}: the {R} interface to {Stan}},
	author = {{Stan Development Team}},
	note = {R package version 2.18.2},
	year = {2018},
	url = {http://mc-stan.org/},
}

@Article{Freeman1993role,
	author    = {Freeman, Peter R},
	title     = {The role of {$p$}--values in analysing trial results},
	journal   = {Statistics in {M}edicine},
	year      = {1993},
	volume    = {12},
	number    = {15-16},
	pages     = {1443--1452},
	publisher = {Wiley Online Library},
}

@Article{fan2001statistical,
	author    = {Fan, Xitao},
	journal   = {The Journal of Educational Research},
	title     = {Statistical significance and effect size in education research: Two sides of a coin},
	year      = {2001},
	number    = {5},
	pages     = {275--282},
	volume    = {94},
	publisher = {Taylor \& Francis},
}

@Article{hojat2004visitor,
	author    = {Hojat, Mohammadreza and Xu, Gang},
	journal   = {Advances in health sciences education},
	title     = {A visitor's guide to effect sizes--statistical significance versus practical (clinical) importance of research findings},
	year      = {2004},
	number    = {3},
	pages     = {241--249},
	volume    = {9},
	publisher = {Springer},
}

@Article{vehtari2019rank,
	author  = {Vehtari, Aki and Gelman, Andrew and Simpson, Daniel and Carpenter, Bob and B{\"u}rkner, Paul-Christian},
	journal = {arXiv preprint arXiv:1903.08008},
	title   = {Rank-normalization, folding, and localization: An improved {$\widehat{R}$} for assessing convergence of MCMC},
	year    = {2019},
}

@ARTICLE{MoreyRouder2011,
	AUTHOR =       {Morey, R D and Rouder, J N},
	TITLE =        {Bayes Factor Approaches for Testing Interval Null Hypotheses},
	JOURNAL =      {Psychological Methods},
	YEAR =         {2011},
	volume =       {16},
	pages =        {406--419},
}

@ARTICLE{McShane2017abandon,
	TITLE   =  {Abandon statistical significance},
	AUTHOR  =  {McShane, Blakeley B and Gal, David and Gelman, Andrew and Robert, Christian and Tackett, Jennifer L},
	JOURNAL = {The American Statistician},
	YEAR    = {2019},
	volume  = {73},
	pages = {235--245}
}

@article{lakens2017equivalence,
	title={Equivalence tests: a practical primer for t tests, correlations, and meta-analyses},
	author={Lakens, Dani{\"e}l},
	journal={Social psychological and personality science},
	volume={8},
	number={4},
	pages={355--362},
	year={2017},
	publisher={Sage Publications Sage CA: Los Angeles, CA}
}

@ARTICLE{EfronMorris1977,
	AUTHOR =       {Efron, B. and Morris, C.},
	TITLE =        {Stein's Paradox in Statistics},
	JOURNAL =      {Scientific American},
	YEAR =         {1977},
	volume =       {236},
	pages =        {119--127},
}

@BOOK{Lynch2007,
	AUTHOR =       {Lynch, S. M.},
	TITLE =        {Introduction to Applied {B}ayesian Statistics and Estimation for Social Scientists},
	PUBLISHER =    {Springer},
	YEAR =         {2007},
	address =      {New York},
}

@ARTICLE{BenjaminEtAl2018,
	AUTHOR =       {Benjamin, D. J. and Berger, J. O. and Johannesson, M. and Nosek, B. A. and Wagenmakers, E.--J. and Berk, R. and Bollen, K. A. and Brembs, B. and Brown, L. and Camerer, C. and Cesarini, D. and Chambers, C. D. and Clyde, M. and Cook, T. D. and {De Boeck}, P. and Dienes, Z. and Dreber, A. and Easwaran, K. and Efferson, C. and Fehr, E. and Fidler, F. and Field, A. P. and Forster, M. and George, E. I. and Gonzalez, R. and Goodman, S. and Green, E. and Green, D. P. and Greenwald, A. and Hadfield, J. D. and Hedges, L. V. and Held, L. and Ho, T.--H. and Hoijtink, H. and Jones, J. H. and Hruschka, D. J. and Imai, K. and Imbens, G. and Ioannidis, J. P. A. and Jeon, M. and Kirchler, M. and Laibson, D. and List, J. and Little, R. and Lupia, A. and Machery, E. and Maxwell, S. E. and {McCarthy}, M. and Moore, D. and Morgan, S. L. and Munaf\`{o}, M. and Nakagawa, S. and Nyhan, B. and Parker, T. H. and Pericchi, L. and Perugini, M. and Rouder, J. and Rousseau, J. and Savalei, V. and Sch\"{o}nbrodt, F. D. and Sellke, T. and Sinclair, B. and Tingley, D. and {Van Zandt}, T. and Vazire, S. and Watts, D. J. and Winship, C. and Wolpert, R. L. and Xie, Y. and Young, C. and Zinman, J. and Johnson, V. E.},
	TITLE =        {Redefine Statistical Significance},
	JOURNAL =      {Nature Human Behaviour},
	YEAR =         {2018},
	volume =       {2},
	pages =        {6--10},
}

@article{kruschke2011bayesian,
	title={Bayesian assessment of null values via parameter estimation and model comparison},
	author={Kruschke, John K},
	journal={Perspectives on Psychological Science},
	volume={6},
	number={3},
	pages={299--312},
	year={2011},
	publisher={Sage Publications Sage CA: Los Angeles, CA}
}
